@book{cuda_c_programming:textbook,
  author = {John Cheng and Max Grossman and Ty McKercher},
  year = {2014},
  title = {Professional CUDA C Programming},
  publisher = {Wrox Press},
}

@misc{website:repo,
   author = "katema-official",
   title = "GPU\_Computing\_Project",
   howpublished = {\url{https://github.com/katema-official/GPU_Computing_Project}}
 }

@misc{website:chad-parry-algo,
    author = "Chad Parry",
    title = "Reduction of SUBSET-SUM-OPTIMIZATION to SUBSET-SUM-DECISION",
    howpublished = {\url{https://courses.cs.washington.edu/courses/csep521/05sp/lectures/sss.pdf}}
}

